<record><leader>00000cas a2200000 a 4500</leader><controlfield tag="001">35395875</controlfield><controlfield tag="008">960906d19211932miuen ne      0    0eng c</controlfield><datafield ind1=" " ind2=" " tag="010"><subfield code="a">sn 96077036 </subfield></datafield><datafield ind1=" " ind2=" " tag="040"><subfield code="a">MHN</subfield><subfield code="b">eng</subfield><subfield code="c">MHN</subfield><subfield code="d">OCL</subfield><subfield code="d">OCLCQ</subfield><subfield code="d">OCLCF</subfield><subfield code="d">OCLCO</subfield></datafield><datafield ind1="1" ind2=" " tag="029"><subfield code="a">AU@</subfield><subfield code="b">000012845244</subfield></datafield><datafield ind1=" " ind2=" " tag="042"><subfield code="a">pcc</subfield></datafield><datafield ind1=" " ind2=" " tag="043"><subfield code="a">n-us-mi</subfield></datafield><datafield ind1="0" ind2="4" tag="245"><subfield code="a">The M.C.M. lode.</subfield></datafield><datafield ind1=" " ind2=" " tag="260"><subfield code="a">Houghton, Mich. :</subfield><subfield code="b">P.R. Sisson</subfield></datafield><datafield ind1=" " ind2=" " tag="300"><subfield code="a">v.</subfield></datafield><datafield ind1=" " ind2=" " tag="310"><subfield code="a">Biweekly</subfield></datafield><datafield ind1="0" ind2=" " tag="362"><subfield code="a">Vol. 1, no. 1 (Feb. 17, 1921)-v. 12, no. 9 (Feb. 12, 1932).</subfield></datafield><datafield ind1=" " ind2=" " tag="500"><subfield code="a">"Published every other Friday during the school year."</subfield></datafield><datafield ind1=" " ind2="0" tag="651"><subfield code="a">Houghton (Mich.)</subfield><subfield code="v">Newspapers.</subfield></datafield><datafield ind1=" " ind2="0" tag="651"><subfield code="a">Houghton County (Mich.)</subfield><subfield code="v">Newspapers.</subfield></datafield><datafield ind1=" " ind2="7" tag="655"><subfield code="a">Newspapers.</subfield><subfield code="2">fast</subfield><subfield code="0">(OCoLC)fst01423814</subfield></datafield><datafield ind1=" " ind2="7" tag="651"><subfield code="a">Michigan</subfield><subfield code="z">Houghton.</subfield><subfield code="2">fast</subfield><subfield code="0">(OCoLC)fst01205294</subfield></datafield><datafield ind1=" " ind2="7" tag="651"><subfield code="a">Michigan</subfield><subfield code="z">Houghton County.</subfield><subfield code="2">fast</subfield><subfield code="0">(OCoLC)fst01214775</subfield></datafield><datafield ind1="2" ind2=" " tag="710"><subfield code="a">Michigan College of Mines.</subfield></datafield><datafield ind1="2" ind2=" " tag="710"><subfield code="a">Michigan College of Mining and Technology.</subfield></datafield><datafield ind1=" " ind2=" " tag="752"><subfield code="a">United States</subfield><subfield code="b">Michigan</subfield><subfield code="c">Houghton</subfield><subfield code="d">Houghton.</subfield></datafield><datafield ind1="0" ind2="0" tag="785"><subfield code="t">Michigan Tech lode (Houghton, Mich. : 1932)</subfield><subfield code="w">(DLC)sn 96077037</subfield><subfield code="w">(OCoLC)35394994</subfield></datafield></record>